@Article{bibSh48,
  author = 	 {C. E. Shannon},
  title = 	 {A Mathematical Theory of Communication},
  journal = 	 {Bell System Technical Journal},
  year = 	 {1948},
  OPTkey = 	 {},
  volume = 	 {27},
  OPTnumber = 	 {},
  pages = 	 {379--423 and 623--656},
  OPTmonth = 	 {July and October},
  OPTnote = 	 {},
  OPTannote = 	 {}
}

@Book{bibFe68,
  author = 	 {W. Feller},
  title = 	 {An Introduction to Probability Theory and Its Applications},
  publisher = 	 {Wiley},
  year = 	 {1968},
  OPTkey = 	 {},
  volume = 	 {1},
  OPTnumber = 	 {},
  series = 	 {Wiley Series in Probability and Mathematical Statistics},
  address = 	 {New York},
  edition = 	 {3rd edition},
  OPTmonth = 	 {},
  OPTnote = 	 {},
  OPTannote = 	 {}
}

@Book{bibCo91,
  author = 	 {T. M. Cover and J. A. Thomas},
  title = 	 {Elements of Information Theory},
  publisher = 	 {Wiley},
  year = 	 {1991},
  OPTkey = 	 {},
  OPTvolume = 	 {},
  OPTnumber = 	 {},
  series = 	 {Wiley Series in Telecommunications},
  address = 	 {New York},
  OPTedition = 	 {},
  OPTmonth = 	 {},
  OPTnote = 	 {},
  OPTannote = 	 {}
}

@Book{bibBl88,
  author = 	 {R. E. Blahut},
  title = 	 {Principles and Practice of Information Theory},
  publisher = 	 {Addison-Wesley},
  year = 	 {1990},
  OPTkey = 	 {},
  OPTvolume = 	 {},
  OPTnumber = 	 {},
  series = 	 {Addison-Wesley Series in Electrical and Computer 
                  Engineering},
  address = 	 {Reading, Massachusetts},
  OPTedition = 	 {},
  OPTmonth = 	 {},
  OPTnote = 	 {},
  OPTannote = 	 {}
}

@Article{bibMa93,
  author = 	 {U. M. Maurer},
  title = 	 {Secret Key Agreement by Public Discussion from Common 
                  Information},
  journal = 	 {IEEE Transactions on Information Theory},
  year = 	 {1993},
  OPTkey = 	 {},
  volume = 	 {39},
  number = 	 {3},
  pages = 	 {733-742},
  OPTmonth = 	 {},
  OPTnote = 	 {},
  OPTannote = 	 {}
}

@InProceedings{bibMau96,
  author = 	 {U. M. Maurer and S. Wolf},
  title = 	 {Towards Characterizing when Information-Theoretic 
                  Secret Key Agreement Is Possible},
  booktitle = 	 {Advances in Cryptology - ASIACRYPT '96},
  OPTcrossref =  {},
  OPTkey = 	 {},
  pages = 	 {196--209},
  year = 	 {1996},
  OPTeditor = 	 {},
  volume = 	 {1163},
  OPTnumber = 	 {},
  OPTseries = 	 {},
  OPTaddress = 	 {},
  OPTmonth = 	 {},
  OPTorganization = {},
  publisher =    {Springer-Verlag},
  OPTnote = 	 {},
  OPTannote = 	 {}
}

@InCollection{bibMa94,
  author = 	 {U. M. Maurer},
  title = 	 {The Strong Secret Key Rate of Discrete Random Triples},
  booktitle = 	 {Communication and Cryptography -- Two Sides of One Tapestry},
  OPTcrossref =  {},
  OPTkey = 	 {},
  pages = 	 {271--285},
  publisher    = {Kluwer Academic Publishers},
  year = 	 {1994},
  editor = 	 {R. Blahut et al.},
  OPTvolume = 	 {},
  OPTnumber = 	 {},
  OPTseries = 	 {},
  OPTtype = 	 {},
  OPTchapter = 	 {},
  OPTaddress = 	 {},
  OPTedition = 	 {},
  OPTmonth = 	 {},
  OPTnote = 	 {},
  OPTannote = 	 {}
}

@Article{bibCi78,
  author = 	 {Csisz\'{a}r and J. K\"{o}rner},
  title = 	 {Broadcast Channels with Confidential Messages},
  journal = 	 {IEEE Transactions on Information Theroy},
  year = 	 {1978},
  OPTkey = 	 {},
  volume = 	 {24},
  OPTnumber = 	 {},
  pages = 	 {339--348},
  OPTmonth = 	 {},
  OPTnote = 	 {},
  OPTannote = 	 {}
}

@Article{bibBe95,
  author = 	 {C. H. Bennett and G. Brassard and C. Cr\'{e}peau
                  and U. M. Maurer},
  title = 	 {Generalized Privacy Amplification},
  journal = 	 {IEEE Transations on Information Theory},
  year = 	 {1995},
  OPTkey = 	 {},
  volume = 	 {41},
  number = 	 {6},
  pages = 	 {1915--1923},
  OPTmonth = 	 {},
  OPTnote = 	 {},
  OPTannote = 	 {}
}

@InProceedings{bibGi00,
  author = 	 {N. Gisin and S. Wolf},
  title = 	 {Linking Classical and Quantum Key Agreement: 
                  Is There ``Bound Information''?},
  booktitle = 	 {Advances in Cryptology --- CRYPTO '00},
  OPTcrossref =  {},
  OPTkey = 	 {},
  OPTpages = 	 {},
  year = 	 {2000},
  editor = 	 {Mihir Bellare},
  OPTvolume = 	 {},
  OPTnumber = 	 {},
  series = 	 {Lecture Notes in Computer Science},
  OPTaddress = 	 {},
  OPTmonth = 	 {},
  OPTorganization = {},
  publisher =    {Springer-Verlag},
  OPTnote = 	 {},
  OPTannote = 	 {}
}

@InProceedings{bibBr94,
  author = 	 {G. Brassard and L. Salvail},
  title = 	 {Secret-Key Reconciliation by Public Discussion},
  booktitle = 	 {Advances in Cryptology --- EUROCRYPT '93},
  OPTcrossref =  {},
  OPTkey = 	 {},
  pages = 	 {410--423},
  year = 	 {1994},
  OPTeditor = 	 {},
  volume = 	 {765},
  OPTnumber = 	 {},
  series = 	 {Lecture Notes in Computer Science},
  OPTaddress = 	 {},
  OPTmonth = 	 {},
  OPTorganization = {},
  publisher =    {Springer-Verlag},
  OPTnote = 	 {},
  OPTannote = 	 {}
}

@Book{bibRo92,
  author = 	 {S. Roman},
  title = 	 {Coding and Information Theory},
  publisher = 	 {Springer-Verlag},
  year = 	 {1992},
  OPTkey = 	 {},
  OPTvolume = 	 {},
  OPTnumber = 	 {},
  OPTseries = 	 {},
  address = 	 {New York},
  OPTedition = 	 {},
  OPTmonth = 	 {},
  OPTnote = 	 {},
  OPTannote = 	 {}
}

@PhdThesis{bibWo99,
  author = 	 {S. Wolf},
  title = 	 {Information-Theoretically and Computationally Secure 
                  Key Agreement in Cryptography},
  school = 	 {Swiss Federal Institute of Technology (ETH Zurich)},
  year = 	 {1999},
  OPTkey = 	 {},
  OPTtype = 	 {},
  OPTaddress = 	 {},
  OPTmonth = 	 {},
  note = 	 {ETH dissertation No. 13138},
  OPTannote = 	 {}
}

@InProceedings{bibAh98,
  author = 	 {D. Aharonov and A. Kitaev and N. Nisan},
  title = 	 {Quantum Circuits with Mixed States},
  booktitle = 	 {Proceedings of the 30th STOC, Dallas, Texas},
  year =         {1998},
  OPTcrossref =  {},
  OPTkey = 	 {},
  pages = 	 {20--30},
  OPTeditor = 	 {},
  OPTvolume = 	 {},
  OPTnumber = 	 {},
  OPTseries = 	 {},
  address = 	 {New York},
  OPTmonth = 	 {},
  OPTorganization = {},
  publisher =    {Association for Computing Machinery},
  OPTnote = 	 {},
  OPTannote = 	 {}
}

@Article{bibPe96,
  author = 	 {A. Peres},
  title = 	 {Separability Criterion for Density Matrices},
  journal = 	 {Physical Review Letters},
  year = 	 {1996},
  OPTkey = 	 {},
  volume = 	 {77},
  OPTnumber = 	 {},
  pages = 	 {1413--1415},
  OPTmonth = 	 {},
  OPTnote = 	 {},
  OPTannote = 	 {}
}

@Article{bibHo96,
  author = 	 {M. Horodecki and P. Horodecki and R. Horodecki},
  title = 	 {Separability of Mixed States: Necessary 
                  and Sufficient Conditions},
  journal = 	 {Physics Letters A},
  year = 	 {1996},
  OPTkey = 	 {},
  volume = 	 {223},
  OPTnumber = 	 {},
  pages = 	 {1--8},
  OPTmonth = 	 {},
  OPTnote = 	 {},
  OPTannote = 	 {}
}

@Article{bibHo98,
  author = 	 {M. Horodecki and P. Horodecki and R. Horodecki},
  title = 	 {Mixed-State Entanglement and Distillation: 
                  Is There a ``Bound'' Entanglement in Nature?},
  journal = 	 {Physical Review Letters},
  year = 	 {1998},
  OPTkey = 	 {},
  volume = 	 {80},
  OPTnumber = 	 {},
  pages = 	 {5239--5242},
  OPTmonth = 	 {},
  OPTnote = 	 {quant-ph/9801069},
  OPTannote = 	 {}
}

@Article{bibGi89,
  author = 	 {N. Gisin},
  title = 	 {Stochastic Quantum Dynamics and Relativity},
  journal = 	 {Helvetica Physica Acta},
  year = 	 {1989},
  OPTkey = 	 {},
  volume = 	 {62},
  OPTnumber = 	 {},
  pages = 	 {363--371},
  OPTmonth = 	 {},
  OPTnote = 	 {},
  OPTannote = 	 {}
}

@Article{bibHu93,
  author = 	 {L. P. Hughston and R. Jozsa and W. K. Wootters},
  title = 	 {A Complete Classification of Quantum Ensembles 
                  Having a Given Density Matrix},
  journal = 	 {Physics Letters A},
  year = 	 {1993},
  OPTkey = 	 {},
  volume = 	 {183},
  OPTnumber = 	 {},
  pages = 	 {14--18},
  OPTmonth = 	 {},
  OPTnote = 	 {},
  OPTannote = 	 {}
}

@Article{bibFu99,
  author = 	 {C. Fuchs and J. van de Graaf},
  title = 	 {Cryptographic Distinguishability Measures 
                  for Quantum Mechanical States},
  journal = 	 {IEEE Transactions on Information Theory},
  year = 	 {1999},
  OPTkey = 	 {},
  volume = 	 {45},
  OPTnumber = 	 {},
  pages = 	 {1216--1227},
  OPTmonth = 	 {},
  OPTnote = 	 {},
  OPTannote = 	 {}
}

@Book{bibLu72,
  author = 	 {E. Lukacs},  
  title = 	 {Probability and Mathematical Statistics: An Introduction},
  publisher = 	 {Academic Press},
  year = 	 {1972},
  OPTkey = 	 {},
  OPTvolume = 	 {},
  OPTnumber = 	 {},
  OPTseries = 	 {},
  address = 	 {New York},
  OPTedition = 	 {},
  OPTmonth = 	 {},
  OPTnote = 	 {},
  OPTannote = 	 {}
}

@Article{bibHo97,
  author = 	 {P. Horodecki},
  title = 	 {Separability Criterion and Inseparable Mixed States 
                  with Positive Partial Transposition},
  journal = 	 {Physics Letters A},
  year = 	 {1997},
  OPTkey = 	 {},
  volume = 	 {232},
  number = 	 {5},
  pages = 	 {333--339},
  OPTmonth = 	 {},
  OPTnote = 	 {},
  OPTannote = 	 {}
}

@Article{bibHo99,
  author = 	 {P. Horodecki and M. Horodecki and R. Horodecki},
  title = 	 {Bound Entanglement Can Be Activated},
  journal = 	 {Physical Review Letters},
  year = 	 {1999},
  OPTkey = 	 {},
  volume = 	 {82},
  OPTnumber = 	 {},
  pages = 	 {1056--1059},
  OPTmonth = 	 {},
  OPTnote = 	 {quant-ph/9806058},
  OPTannote = 	 {}
}

@Article{bibVi99,
  author = 	 {D. P. DiVincenzo and P. W. Shor and 
                  J. A. Smolin and B. M. Terhal and A. V. Thapliyal},
  title = 	 {Evidence for Bound Entangled States with 
                  Negative Partial Transpose},
  journal = 	 {Physical Review A},
  year = 	 {2000},
  OPTkey = 	 {},
  volume = 	 {61},
  number = 	 {062312},
  OPTpages = 	 {},
  OPTmonth = 	 {},
  OPTnote = 	 {quant-ph/9910026},
  OPTannote = 	 {}
}


@InProceedings{bibMaGa,
  author = 	 {M. J. Gander and U. M. Maurer},
  title = 	 {On the Secret-Key Rate of Binary Random Variables},
  booktitle = 	 {IEEE International Symposium on Information Theory},
  OPTcrossref =  {},
  OPTkey = 	 {},
  pages = 	 {351},
  year = 	 {1994},
  OPTeditor = 	 {},
  OPTvolume = 	 {},
  OPTnumber = 	 {},
  OPTseries = 	 {},
  OPTaddress = 	 {},
  OPTmonth = 	 {},
  OPTorganization = {},
  OPTpublisher = {},
  OPTnote = 	 {},
  OPTannote = 	 {}
}

@Article{bibMe98,
  author = 	 {N. D. Mermin},
  title = 	 {The {Ithaca} Interpretation of Quantum Mechanics},
  journal = 	 {Pramana},
  year = 	 {1998},
  OPTkey = 	 {},
  volume = 	 {51},
  OPTnumber = 	 {},
  pages = 	 {549--565},
  OPTmonth = 	 {},
  OPTnote = 	 {},
  OPTannote = 	 {}
}



@Book{bibBa96,
  author = 	 {G. Baym},
  ALTeditor = 	 {},
  title = 	 {Lectures on Quantum Mechanics},
  publisher = 	 {Addison-Wesley},
  year = 	 {1996},
  OPTkey = 	 {},
  OPTvolume = 	 {},
  OPTnumber = 	 {},
  OPTseries = 	 {},
  address = 	 {Reading, Massachusetts},
  OPTedition = 	 {},
  OPTmonth = 	 {},
  OPTnote = 	 {},
  OPTannote = 	 {}
}

