@string{AC      = {Advances in Cryptology --- {ASIACRYPT}}}
@string{AUSCRYPT= {Advances in Cryptology --- {AUSCRYPT}}}
@string{CACM    = {Communications of the ACM}}
@string{CCS     = {{ACM} Computer and Communications Security Conference}}
@string{CRYPTO  = {Advances in Cryptology --- {CRYPTO}}}
@string{DISC    = {Distributed Computing --- {DISC}}}
@string{EC      = {Advances in Cryptology --- {EUROCRYPT}}}
@string{FC      = {Financial Cryptography}}
@string{FOCS    = {{IEEE} Symposium on the Foundations of Computer Science
                   ({FOCS})}}
@string{IPL     = {Information Processing Letters}}
@string{JACM    = {Journal of the {ACM}}}
@string{JOC     = {Journal of Cryptology}}
@string{JOCSS   = {Journal of Computer and System Sciences}}
@string{LNCS    = {Lecture Notes in Computer Science}}
@string{PKC     = {International Workshop on Practice and Theory in Public
                   Key Cryptography (PKC)}}
@string{PODC    = {{ACM} Symposium on Principles of Distributed Computing
                   ({PODC})}}
@string{SCT     = {{IEEE} Structure in Complexity Theory}}
@string{SCTC    = {Structure in Complexity Theory}}
@string{STACS   = {Symposium on Theoretical Aspects of Computer Science ---
                   {STACS}}}
@string{STOC    = {{ACM} Symposium on the Theory of Computing ({STOC})}}
@string{SV      = {{Springer-Verlag}}}
@string{SecProt = {Workshop on Security Protocols}}
@string{TOPLAS  = {{ACM} Transactions on Programming Languages and
                   Systems}}
@string{TOSE    = {{IEEE} Transactions on Software Engineering}}
@string{WDAG    = {International Workshop on Distributed Algorithms ---
                   {WDAG}}}

@phdthesis{Benaloh87,
  author        = {Josh Cohen Benaloh},
  title         = {Verifiable Secret-Ballot Elections},
  year          = 1987,
  month         = dec,
  school        = {Yale University}
}

@phdthesis{Canett95,
  author        = {Ran Canetti},
  title         = {Studies in Secure Multiparty Computation and
                   Applications},
  year          = 1995,
  month         = jun,
  school        = {Weizmann Institute of Science},
  address       = {Rehovot 76100, Israel}
}

@misc{Fitzi96,
  author        = {Matthias Fitzi},
  title         = {{E}rweiterte {Z}ugriffstrukturen in
                   {M}ulti-{P}arty-{C}om\-pu\-ta\-tion},
  year          = 1996,
  school        = {{ETH} {Z}{\"u}rich},
  howpublished  = {Student's project}
}

@misc{Fitzi96:me,
  author        = {Matthias Fitzi},
  title         = {{E}rweiterte {Z}ugriffstrukturen in
                   {M}ulti-{P}arty-{C}om\-pu\-ta\-tion},
  year          = 1996,
  school        = {{ETH} {Z}{\"u}rich},
  howpublished  = {Student's project, ETH Zurich},
  note          = {Supervised by Martin Hirt}
}

@phdthesis{Frankl93,
  author        = {Matthew K. Franklin},
  title         = {Complexity and Security of Distributed Protocols},
  year          = 1993,
  school        = {Columbia University}
}

@phdthesis{Gennar96,
  author        = {Rosario Gennaro},
  title         = {Theory and Practice of Verifiable Secret Sharing},
  year          = 1996,
  month         = may,
  school        = {Massachusetts Institute of Technology (MIT)}
}

@phdthesis{Cramer96,
  author        = {Ronald Cramer},
  title         = {Modular Design of Secure yet Practical Cryptographic
                   Protocols},
  year          = 1996,
  month         = nov,
  school        = {CWI and Univ. of Amsterdam}
}

@misc{Goldre,
  author        = {Oded Goldreich},
  title         = {Foundations of Cryptography --- Notes of lecture No. 14
                   \& 15},
  note          = {taken by Ran Canetti and Benny Pinkas}
}

@mastersthesis{Kuehne97,
  author        = {Thomas K\"{u}hne},
  title         = {{E}valuation, {D}esign und {I}mplementierung von
                   {M}ulti-{P}arty-{B}erechnungen},
  year          = 1997,
  school        = {ETH Z{\"u}rich}
}

@mastersthesis{Mayer97,
  author        = {Stefan Mayer},
  title         = {{D}esign und {I}mplementation eines elektronischen
                   {W}ahlprotokolls},
  year          = 1997,
  school        = {ETH Z{\"u}rich}
}

@mastersthesis{Schnid96,
  author        = {Herbert Schnider},
  title         = {{I}mplementation und {E}valuation eines
                   {W}ahlprotokolls},
  year          = 1996,
  school        = {ETH Z{\"u}rich}
}

@misc{Weibel98,
  author        = {Bernhard Weibel},
  title         = {{K}onzept zur {A}usz{\"a}hlung in einem elektronischen
                   {W}ahlprotokoll},
  year          = 1998,
  school        = {{ETH} {Z}{\"u}rich},
  howpublished  = {Student's project}
}

@mastersthesis{Petzol98,
  author        = {Frank Petzold},
  title         = {{S}ichere elektronische {A}bstimmungen {\"u}ber
                   {I}nternet},
  year          = 1998,
  school        = {ETH Z{\"u}rich}
}

@misc{Schoen99:pc,
  author        = {Berry Schoenmakers},
  year          = 1999,
  note          = {Personal communication}
}

@phdthesis{Hirt01,
  author        = {Martin Hirt},
  title         = {Multi-Party Computation: Efficient Protocols, General
                   Adversaries, and Voting},
  year          = 2001,
  school        = {{ETH} Zurich},
  number        = 14376,
  note          = {Reprint as vol.~3 of {\em ETH Series in Information
                   Security and Cryptography}, {ISBN} 3-89649-747-2,
                   {H}artung-{G}orre {V}erlag, {K}onstanz, 2001}
}
