@string{AC      = {Advances in Cryptology --- {ASIACRYPT}}}
@string{AUSCRYPT= {Advances in Cryptology --- {AUSCRYPT}}}
@string{CACM    = {Communications of the ACM}}
@string{CCS     = {{ACM} Computer and Communications Security Conference}}
@string{CRYPTO  = {Advances in Cryptology --- {CRYPTO}}}
@string{DISC    = {Distributed Computing --- {DISC}}}
@string{EC      = {Advances in Cryptology --- {EUROCRYPT}}}
@string{FC      = {Financial Cryptography}}
@string{FOCS    = {{IEEE} Symposium on the Foundations of Computer Science
                   ({FOCS})}}
@string{IPL     = {Information Processing Letters}}
@string{JACM    = {Journal of the {ACM}}}
@string{JOC     = {Journal of Cryptology}}
@string{JOCSS   = {Journal of Computer and System Sciences}}
@string{LNCS    = {Lecture Notes in Computer Science}}
@string{PODC    = {{ACM} Symposium on Principles of Distributed Computing
                   ({PODC})}}
@string{SCT     = {{IEEE} Structure in Complexity Theory}}
@string{SCTC    = {Structure in Complexity Theory}}
@string{STACS   = {Symposium on Theoretical Aspects of Computer Science ---
                   {STACS}}}
@string{STOC    = {{ACM} Symposium on the Theory of Computing ({STOC})}}
@string{SV      = {{Springer-Verlag}}}
@string{SecProt = {Workshop on Security Protocols}}
@string{TOPLAS  = {{ACM} Transactions on Programming Languages and
                   Systems}}
@string{TOSE    = {{IEEE} Transactions on Software Engineering}}
@string{WDAG    = {International Workshop on Distributed Algorithms ---
                   {WDAG}}}
@string{WDAC    = {International Workshop on Distributed Algorithms ---
                   {WDAG}}}

@misc{Abe97,
  author        = {Masayuki Abe},
  title         = {On Counting Complete Collusion Structures},
  year          = 1997,
  month         = aug,
  howpublished  = {Manuscript}
}

@inproceedings{BarBea89,
  author        = {Judit {Bar-Ilan} and Donald Beaver},
  title         = {Non-Cryptographic Fault-Tolerant Computing in a Constant
                   Number of Rounds of Interaction},
  booktitle     = {Proc.~8th } # PODC,
  pages         = {201--210},
  year          = 1989,
  month         = aug,
  x             = PODC89
}

@inproceedings{BeCaGo93,
  author        = {Michael {Ben-Or} and Ran Canetti and Oded Goldreich},
  title         = {Asynchronous Secure Computation},
  booktitle     = {Proc.~25th } # STOC,
  pages         = {52--61},
  year          = 1993,
  x             = STOC93
}

@inproceedings{BeGoWi88,
  author        = {Michael {Ben-Or} and Shafi Goldwasser and Avi Wigderson},
  title         = {Completeness Theorems for Non-Cryptographic
                   Fault-Tolerant Distributed Computation},
  booktitle     = {Proc.~20th } # STOC,
  pages         = {1--10},
  year          = 1988,
  x             = STOC88
}

@inproceedings{BeaGol89,
  author        = {Donald Beaver and Shafi Goldwasser},
  title         = {Multiparty Computation with Faulty Majority},
  booktitle     = {Proc.~30th } # FOCS,
  pages         = {468--473},
  year          = 1989,
  x             = FOCS89
}

@inproceedings{BeaWoo98,
  author        = {Donald Beaver and Avishai Wool},
  title         = {Quorum-based Secure Multi-Party Computation},
  booktitle     = EC # {~'98},
  pages         = {346--360},
  year          = 1998,
  volume        = 1403,
  x             = EC98,
  series        = LNCS
}

@inproceedings{Beaver89a,
  author        = {Donald Beaver},
  title         = {Perfect Privacy for Two-Party Protocols},
  booktitle     = {Proc.~of the DIMACS Workshop on Distributed Computing and
                   Cryptography},
  year          = 1989,
  month         = oct
}

@article{Beaver91a,
  author        = {Donald Beaver},
  title         = {Secure Multiparty Protocols and Zero-Knowledge Proof
                   Systems Tolerating a Faulty Minority},
  journal       = JOC,
  pages         = {75--122},
  year          = 1991
}

@inproceedings{Beaver91b,
  author        = {Donald Beaver},
  title         = {Foundations of Secure Interactive Computing},
  booktitle     = CRYPTO # {~'91},
  pages         = {377--391},
  year          = 1991,
  series        = LNCS,
  publisher     = SV,
  x             = C91,
  volume        = 576
}

@inproceedings{CDNO97,
  author        = {Ran Canetti and Cynthia Dwork and Moni Naor and Rafail
                   Ostrovsky},
  title         = {Deniable Encryption},
  booktitle     = CRYPTO # {~'97},
  pages         = {90--104},
  year          = 1997,
  volume        = 1294,
  x             = C97,
  series        = LNCS
}

@inproceedings{CFGN96,
  author        = {Ran Canetti and Uri Feige and Oded Goldreich and Moni
                   Naor},
  title         = {Adaptively Secure Multi-Party Computation},
  booktitle     = {Proc.~28th } # STOC,
  pages         = {639--648},
  year          = 1996,
  month         = nov,
  x             = STOC96
}

@inproceedings{Beaver89b,
  author        = {Donald Beaver},
  title         = {Multiparty Protocols Tolerating Half Faulty Processors},
  booktitle     = CRYPTO # {~'89},
  pages         = {560--572},
  year          = 1989,
  volume        = 435,
  x             = C89,
  series        = LNCS
}

@inproceedings{CanGen96,
  author        = {Ran Canetti and Rosario Gennaro},
  title         = {Incoercible Multiparty Computation},
  booktitle     = {Proc.~37th } # FOCS,
  pages         = {504--513},
  year          = 1996,
  x             = FOCS96,
  mynote        = {URL: {\tt
                   ftp://theory.lcs.mit.edu/pub/tcryptol/96-02.ps}}
}

@misc{Canett97,
  author        = {Ran Canetti},
  title         = {Modular Composition of Multi-Party Cryptographic
                   Protocols},
  year          = 1997,
  month         = nov,
  howpublished  = {Manuscript}
}

@misc{Canett98,
  author        = {Ran Canetti},
  title         = {Security and Composition of Multi-Party Cryptographic
                   Protocols},
  year          = 1998,
  month         = jun,
  howpublished  = {Manuscript}
}

@misc{Canett98both,
  author        = {Ran Canetti},
  title         = {Security and Composition of Multi-Party Cryptographic
                   Protocols},
  year          = 1998,
  month         = jun,
  howpublished  = {Manuscript},
  note          = {Former (more general) version: {Modular composition of
                   multi-party cryptographic protocols}, Nov.~1997.}
}

@article{Canett00,
  author        = {Ran Canetti},
  title         = {Security and Composition of Multiparty Cryptographic
                   Protocols},
  journal       = JOC,
  pages         = {143--202},
  year          = 2000,
  volume        = 13,
  number        = 1
}

@inproceedings{ChCrDa88,
  author        = {David Chaum and Claude Cr{\'e}peau and Ivan Damg{\aa}rd},
  title         = {Multiparty Unconditionally Secure Protocols (Extended
                   Abstract)},
  booktitle     = {Proc.~20th } # STOC,
  pages         = {11--19},
  year          = 1988,
  x             = STOC88
}

@inproceedings{ChDaGr87,
  author        = {David Chaum and Ivan Damg{\aa}rd and Jeroen van de
                   Graaf},
  title         = {Multiparty Computations Ensuring Privacy of each Party's
                   Input and Correctness of the Result},
  booktitle     = CRYPTO # {~'87},
  pages         = {87--119},
  year          = 1987,
  series        = LNCS,
  publisher     = SV,
  x             = C87,
  volume        = 293
}

@article{Chaum88,
  author        = {David Chaum},
  title         = {The Dining Cryptographers Problem: Unconditional Sender
                   and Recipient Untraceability},
  journal       = JOC,
  pages         = {65--75},
  year          = 1988
}

@inproceedings{Chaum89,
  author        = {David Chaum},
  title         = {The Spymasters Double-Agent Problem},
  booktitle     = CRYPTO # {~'89},
  pages         = {591--602},
  year          = 1989,
  series        = LNCS,
  publisher     = SV,
  x             = C89,
  volume        = 435
}

@misc{CrDaMa97,
  author        = {Ronald Cramer and Ivan Damg{\aa}rd and Ueli Maurer},
  title         = {Span Programs and General Multi-Party Computation},
  year          = 1997,
  howpublished  = {Manuscript}
}

@misc{CrDaMa98,
  author        = {Ronald Cramer and Ivan Damg{\aa}rd and Ueli Maurer},
  title         = {Span Programs and General Multi-Party Computation},
  year          = 1998,
  howpublished  = {Manuscript}
}

@misc{CrDaMa99,
  author        = {Ronald Cramer and Ivan Damg{\aa}rd and Ueli Maurer},
  title         = {General Secure Multi-Party Computation from any Linear
                   Secret Sharing Scheme},
  year          = 2000,
  howpublished  = {To appear in Eurocrypt 2000}
}

@inproceedings{CrDaMa00,
  author        = {Ronald Cramer and Ivan Damg{\aa}rd and Ueli Maurer},
  title         = {General Secure Multi-Party Computation from any Linear
                   Secret Sharing Scheme},
  booktitle     = EC # {~'00},
  year          = 2000,
  series        = LNCS,
  x             = EC00,
  volume        = 1807
}

@inproceedings{CrGrTa96,
  author        = {Claude Cr{\'e}peau and Jeroen van de Graaf and Alain
                   Tapp},
  title         = {Committed Oblivious Transfer and Private Multi-Party
                   Computation},
  booktitle     = CRYPTO # {~'95},
  pages         = {110--123},
  year          = 1995,
  series        = LNCS,
  publisher     = SV,
  x             = C95,
  volume        = 963
}

@article{DDWY93,
  author        = {Danny Dolev and Cynthia Dwork and Orli Waarts and Moti
                   Yung},
  title         = {Perfectly Secure Message Transmission},
  journal       = JACM,
  pages         = {17--47},
  year          = 1993,
  month         = jan,
  x             = JACM93,
  number        = 1,
  volume        = 40
}

@inproceedings{FeKiNa94,
  author        = {Uri Feige and Joe Kilian and Moni Naor},
  title         = {A Minimal Model for Secure Computation},
  booktitle     = {Proc.~26th } # STOC,
  pages         = {554--563},
  year          = 1994,
  x             = STOC94
}

@inproceedings{FiHiMa98,
  author        = {Matthias Fitzi and Martin Hirt and Ueli Maurer},
  title         = {Trading Correctness for Privacy in Unconditional
                   Multi-Party Computation},
  booktitle     = CRYPTO # {~'98},
  pages         = {121--136},
  year          = 1998,
  series        = LNCS,
  x             = C98,
  note          = {Corrected version is available online.},
  volume        = 1462
}

@misc{FiHiMa98Corr,
  author        = {Matthias Fitzi and Martin Hirt and Ueli Maurer},
  title         = {Trading Correctness for Privacy in Unconditional
                   Multi-Party Computation},
  year          = 1999,
  note          = {Corrected version of the paper appeared in the proc.~of
                   CRYPTO '98.}
}

@inproceedings{FiHiMa99,
  author        = {Matthias Fitzi and Martin Hirt and Ueli Maurer},
  title         = {General Adversaries in Unconditional Multi-Party
                   Computation},
  booktitle     = AC # {~'99},
  pages         = {232--246},
  year          = 1999,
  volume        = 1716,
  x             = AC99,
  series        = LNCS
}

@inproceedings{ForMer84,
  author        = {Steven Fortune and Michael Merritt},
  title         = {Poker Protocols},
  booktitle     = CRYPTO # {~'84},
  pages         = {454--464},
  year          = 1984,
  series        = LNCS,
  publisher     = SV,
  x             = C84,
  volume        = 196
}

@article{FraRei96,
  author        = {Matthew K. Franklin and Michael K. Reiter},
  title         = {The Design and Implementation of a Secure Auction
                   Service},
  journal       = TOSE,
  pages         = {302--312},
  year          = 1996,
  month         = may,
  volume        = 22,
  number        = 5
}

@inproceedings{FraYun91,
  author        = {Matthew K. Franklin and Moti Yung},
  title         = {The Varieties of Secure Distributed Computation},
  booktitle     = {Sequences {II}: Methods in Communication, Security, and
                   Computer Science},
  pages         = {392--417},
  year          = 1991,
  publisher     = SV
}

@inproceedings{GaHaYu87,
  author        = {Zvi Galil and Stuart Haber and Moti Yung},
  title         = {Cryptographic Computation: Secure Fault-Tolerant
                   Protocols and the Public-Key Model},
  booktitle     = CRYPTO # {~'87},
  pages         = {135--155},
  year          = 1987,
  series        = LNCS,
  publisher     = SV,
  x             = C87,
  volume        = 293
}

@misc{GeRaRa97:man,
  author        = {Rosario Gennaro and Michael O. Rabin and Tal Rabin},
  title         = {{VSS} and Secure Multiparty Computations Made Simple},
  year          = 1997,
  howpublished  = {Manuscript}
}

@inproceedings{GeRaRa98,
  author        = {Rosario Gennaro and Michael O. Rabin and Tal Rabin},
  title         = {Simplified {VSS} and Fast-track Multiparty Computations
                   with Applications to Threshold Cryptography},
  booktitle     = {Proc.~17th } # PODC,
  pages         = {101--111},
  year          = 1998,
  x             = PODC98
}

@misc{GeRaRa98b,
  author        = {Rosario Gennaro and Michael O. Rabin and Tal Rabin},
  title         = {Simplified {VSS} and Fast-track Multiparty Computations
                   with Applications to Threshold Cryptography},
  year          = 1998,
  howpublished  = {Final version, {\tt
                   www.research.ibm.com/security/grr.ps}}
}

@inproceedings{GoGoLi95,
  author        = {Oded Goldreich and Shafi Goldwasser and Nathan Linial},
  title         = {Fault-tolerant Computation in the Full Information Model
                   (Extended Abstract)},
  booktitle     = {Proc.~32nd } # FOCS,
  pages         = {447--457},
  year          = 1991,
  month         = oct,
  organization  = {IEEE},
  x             = FOCS91
}

@inproceedings{GoMiWi87,
  author        = {Oded Goldreich and Silvio Micali and Avi Wigderson},
  title         = {How to Play any Mental Game --- A Completeness Theorem
                   for Protocols with Honest Majority},
  booktitle     = {Proc.~19th } # STOC,
  pages         = {218--229},
  year          = 1987,
  x             = STOC87
}

@inproceedings{GolLev90,
  author        = {Shafi Goldwasser and Leonid Levin},
  title         = {Fair Computation of General Functions in Presence of
                   Immoral Majority},
  booktitle     = CRYPTO # {~'90},
  year          = 1990,
  series        = LNCS,
  x             = C90,
  OPTpages      = {77--93},
  volume        = 537
}

@inproceedings{HirMau97,
  author        = {Martin Hirt and Ueli Maurer},
  title         = {Complete Characterization of Adversaries Tolerable in
                   Secure Multi-Party Computation},
  booktitle     = {Proc.~16th } # PODC,
  pages         = {25--34},
  year          = 1997,
  month         = aug,
  x             = PODC97
}

@article{HirMau00,
  author        = {Martin Hirt and Ueli Maurer},
  title         = {Player Simulation and General Adversary Structures in
                   Perfect Multiparty Computation},
  journal       = JOC,
  pages         = {31--60},
  year          = 2000,
  note          = {Extended abstract in {\em Proc.~16th of ACM PODC~'97}},
  volume        = 13,
  number        = 1
}

@inproceedings{Kilian88,
  author        = {Joe Kilian},
  title         = {Founding Cryptography on Oblivious Transfer},
  booktitle     = {Proc.~20th } # STOC,
  pages         = {20--31},
  year          = 1988,
  x             = STOC88
}

@inproceedings{Kilian91,
  author        = {Joe Kilian},
  title         = {A General Completeness Theorem for Two-Party Games},
  booktitle     = {Proc.~23th } # STOC,
  pages         = {553--560},
  year          = 1991,
  x             = STOC91
}

@inproceedings{Kushil89,
  author        = {Eyal Kushilevitz},
  title         = {Privacy and Communication Complexity (Extended
                   Abstract)},
  booktitle     = {Proc.~30th } # FOCS,
  pages         = {416--421},
  year          = 1989,
  x             = FOCS89
}

@inproceedings{MicRog91,
  author        = {Silvio Micali and Phillip Rogaway},
  title         = {Secure Computation},
  booktitle     = CRYPTO # {~'91},
  pages         = {392--404},
  year          = 1991,
  series        = LNCS,
  publisher     = SV,
  x             = C91,
  volume        = 576
}

@misc{MicRog92,
  author        = {Silvio Micali and Phillip Rogaway},
  title         = {Secure Computation},
  year          = 1992,
  howpublished  = {Manuscript}
}

@misc{MicRog98,
  author        = {Silvio Micali and Phillip Rogaway},
  title         = {Secure Computation: The Information Theoretic Case},
  year          = 1998,
  howpublished  = {Manuscript}
}

@misc{MicRog98all,
  author        = {Silvio Micali and Phillip Rogaway},
  title         = {Secure Computation: The Information Theoretic Case},
  year          = 1998,
  howpublished  = {Manuscript},
  note          = {Former version: Secure computation, In {\em Advances in
                   Cryptology --- {CRYPTO}~'91}, volume 576 of {\em Lecture
                   Note in Computer Science}, pp.~392--404, Springer-Verlag,
                   1991.}
}

@inproceedings{Peders91c,
  author        = {Torben P. Pedersen},
  title         = {A Threshold Cryptosystem without a Trusted Party
                   (Extended Abstract)},
  booktitle     = EC # {~'91},
  pages         = {522--526},
  year          = 1991,
  volume        = 547,
  x             = EC91,
  series        = LNCS
}

@inproceedings{RabBen89,
  author        = {Tal Rabin and Michael {Ben-Or}},
  title         = {Verifiable Secret Sharing and Multiparty Protocols with
                   Honest Majority},
  booktitle     = {Proc.~21st } # STOC,
  pages         = {73--85},
  year          = 1989,
  x             = STOC89
}

@inproceedings{SDFY94,
  author        = {Alfredo de Santis and Yvo Desmedt and Yair Frankel and
                   Moti Yung},
  title         = {How to Share a Function Securely},
  booktitle     = {Proc.~26th } # STOC,
  pages         = {522--533},
  year          = 1994,
  x             = STOC94
}

@misc{SmiSti98,
  author        = {Adams Smith and Anton Stiglic},
  title         = {Multiparty computation unconditionally secure against
                   $Q^2$ adversary structures},
  year          = 1998,
  month         = jul,
  howpublished  = {Manuscript}
}

@inproceedings{Yao82,
  author        = {Andrew C. Yao},
  title         = {Protocols for Secure Computations},
  booktitle     = {Proc.~23rd } # FOCS,
  pages         = {160--164},
  year          = 1982,
  x             = FOCS82,
  organization  = {IEEE}
}

@misc{Fehr00pc,
  author        = {Serge Fehr},
  title         = {Personal communications},
  year          = 2000
}

@inproceedings{CDDHR99,
  author        = {Ronald Cramer and Ivan Damg{\aa}rd and Stefan Dziembowski
                   and Martin Hirt and Tal Rabin},
  title         = {Efficient Multiparty Computations Secure Against an
                   Adaptive Adversary},
  booktitle     = EC # {~'99},
  pages         = {311--326},
  year          = 1999,
  volume        = 1592,
  x             = EC99,
  series        = LNCS
}

@inproceedings{Beaver91c,
  author        = {Donald Beaver},
  title         = {Efficient Multiparty Protocols Using Circuit
                   Randomization},
  booktitle     = CRYPTO # {~'91},
  pages         = {420--432},
  year          = 1991,
  volume        = 576,
  x             = C91,
  series        = LNCS
}

@inproceedings{HiMaPr00,
  author        = {Martin Hirt and Ueli Maurer and Bartosz Przydatek},
  title         = {Efficient Secure Multi-Party Computation},
  booktitle     = AC # {~'00},
  pages         = {143--161},
  year          = 2000,
  month         = dec,
  series        = LNCS,
  publisher     = {Springer-Verlag},
  editor        = {Tatsuaki Okamoto},
  volume        = 1976,
  x             = AC00
}

@misc{CrDaNi00,
  author        = {Ronald Cramer and Ivan Damg{\aa}rd and Jesper B.
                   Nielsen},
  title         = {Multiparty Computation from Threshold Homomorphic
                   Encryption},
  year          = 2000,
  howpublished  = {Manuscript}
}

@inproceedings{CrDaNi01,
  author        = {Ronald Cramer and Ivan Damg{\aa}rd and Jesper B.
                   Nielsen},
  title         = {Multiparty Computation from Threshold Homomorphic
                   Encryption},
  booktitle     = EC # {~'01},
  year          = 2001,
  x             = EC01,
  series        = LNCS,
  note          = {To appear}
}

@inproceedings{Shoup00,
  author        = {Victor Shoup},
  title         = {Practical Threshold Signatures},
  booktitle     = EC # {~'00},
  year          = 2000,
  series        = LNCS,
  x             = EC00,
  volume        = 1807
}

@inproceedings{SriRan00,
  author        = {K. Srinathan and C. Pandu Rangan},
  title         = {Efficient Asynchronous Secure Multiparty Distributed
                   Computation},
  booktitle     = {Indocrypt 2000},
  year          = 2000,
  month         = dec,
  series        = LNCS
}

@misc{Damgaa99:TRman,
  author        = {Ivan Damg{\aa}rd},
  year          = 1999,
  month         = feb,
  howpublished  = {BRICS technical report RS-99-2}
}

@inproceedings{HirMau01,
  author        = {Martin Hirt and Ueli Maurer},
  title         = {Robustness for Free in Unconditional Multi-Party
                   Computation},
  booktitle     = CRYPTO # {~'01},
  pages         = {101--118},
  year          = 2001,
  month         = aug,
  series        = LNCS,
  publisher     = {Springer-Verlag},
  editor        = {Joe Kilian},
  volume        = 2139,
  x             = C01
}
