@string{AC      = {Advances in Cryptology --- {ASIACRYPT}}}
@string{AUSCRYPT= {Advances in Cryptology --- {AUSCRYPT}}}
@string{CACM    = {Communications of the ACM}}
@string{CCS     = {{ACM} Computer and Communications Security Conference}}
@string{CRYPTO  = {Advances in Cryptology --- {CRYPTO}}}
@string{DISC    = {Distributed Computing --- {DISC}}}
@string{EC      = {Advances in Cryptology --- {EUROCRYPT}}}
@string{FC      = {Financial Cryptography}}
@string{FOCS    = {{IEEE} Symposium on the Foundations of Computer Science
                   ({FOCS})}}
@string{IPL     = {Information Processing Letters}}
@string{JACM    = {Journal of the {ACM}}}
@string{JOC     = {Journal of Cryptology}}
@string{JOCSS   = {Journal of Computer and System Sciences}}
@string{LNCS    = {Lecture Notes in Computer Science}}
@string{PKC     = {International Workshop on Practice and Theory in Public
                   Key Cryptography (PKC)}}
@string{PODC    = {{ACM} Symposium on Principles of Distributed Computing
                   ({PODC})}}
@string{SCT     = {{IEEE} Structure in Complexity Theory}}
@string{SCTC    = {Structure in Complexity Theory}}
@string{STACS   = {Symposium on Theoretical Aspects of Computer Science ---
                   {STACS}}}
@string{STOC    = {{ACM} Symposium on the Theory of Computing ({STOC})}}
@string{SV      = {{Springer-Verlag}}}
@string{SecProt = {Workshop on Security Protocols}}
@string{TOPLAS  = {{ACM} Transactions on Programming Languages and
                   Systems}}
@string{TOSE    = {{IEEE} Transactions on Software Engineering}}
@string{WDAG    = {International Workshop on Distributed Algorithms ---
                   {WDAG}}}

@inproceedings{BenTui94,
  author        = {Josh Cohen Benaloh and Dwight Tuinstra},
  title         = {Receipt-Free Secret-Ballot Elections (Extended
                   Abstract)},
  booktitle     = {Proc.~26th } # STOC,
  pages         = {544--553},
  year          = 1994,
  x             = STOC94,
  key           = {election voting secret-ballot},
  organization  = {ACM}
}

@inproceedings{CFSY96,
  author        = {Ronald Cramer and Matthew K. Franklin and Berry
                   Schoenmakers and Moti Yung},
  title         = {Multi-Authority Secret-Ballot Elections with Linear
                   Work},
  booktitle     = EC # {~'96},
  pages         = {72--83},
  year          = 1996,
  month         = may,
  organization  = {IACR},
  key           = {election voting secret-ballot},
  publisher     = SV,
  series        = LNCS,
  volume        = 1070,
  x             = EC96
}

@inproceedings{CohFis85,
  author        = {Josh D. Cohen and Michael J. Fischer},
  title         = {A Robust and Verifiable Cryptographically Secure Election
                   Scheme},
  booktitle     = {Proc.~26th } # FOCS,
  pages         = {372--382},
  year          = 1985,
  x             = FOCS85,
  key           = {election voting},
  organization  = {IEEE}
}

@inproceedings{FuOkOh92,
  author        = {Atsushi Fujioka and Tatsuaki Okamoto and Kazuo Ohta},
  title         = {A Practical Secret Voting Scheme for Large Scale
                   Elections},
  booktitle     = AUSCRYPT # {~'92},
  pages         = {244--251},
  year          = 1992,
  x             = AUSCRYPT92,
  key           = {election voting mix-type}
}

@techreport{HoMiPe95,
  author        = {Patrick Horster and Markus Michels and Holger Petersen},
  title         = {Blind multisignature schemes and their relevance for
                   electronic voting},
  year          = 1995,
  month         = aug,
  key           = {signature election voting},
  institution   = {University of Chemnitz},
  note          = {TR-95-16-F}
}

@inproceedings{Iverse91,
  author        = {Kenneth R. Iversen},
  title         = {A Cryptographic Scheme for Computerized General
                   Elections},
  booktitle     = CRYPTO # {~'91},
  pages         = {405--419},
  year          = 1991,
  key           = {election voting},
  series        = LNCS,
  publisher     = SV,
  editor        = {Joan Feigenbaum},
  x             = C91,
  volume        = 576,
  organization  = {IACR}
}

@inproceedings{SakKil94,
  author        = {Kazue Sako and Joe Kilian},
  title         = {Secure Voting Using Partially Compatible Homomorphisms},
  booktitle     = CRYPTO # {~'94},
  pages         = {411--424},
  year          = 1994,
  key           = {election voting homomorphism mix-type},
  publisher     = SV,
  organization  = {IACR},
  series        = LNCS,
  volume        = 839,
  x             = C94
}

@inproceedings{SakKil95,
  author        = {Kazue Sako and Joe Kilian},
  title         = {Receipt-Free Mix-Type Voting Scheme -- {A} Practical
                   Solution to the Implementation of a Voting Booth},
  booktitle     = EC # {~'95},
  pages         = {393--403},
  year          = 1995,
  key           = {election voting mix-type},
  series        = LNCS,
  publisher     = SV,
  volume        = 921,
  x             = EC95
}

@article{Chaum81,
  author        = {David Chaum},
  title         = {Untraceable Electronic Mail, Return Addresses, and
                   Digital Pseudonyms},
  journal       = CACM,
  pages         = {84--88},
  year          = 1981,
  number        = 2,
  x             = CACM81,
  organization  = {ACM},
  volume        = 24
}

@inproceedings{CrGeSc97,
  author        = {Ronald Cramer and Rosario Gennaro and Berry
                   Schoenmakers},
  title         = {A Secure and Optimally Efficient Multi-Authority Election
                   Scheme},
  booktitle     = EC # {~'97},
  year          = 1997,
  x             = EC97,
  series        = LNCS
}

@article{CrGeSc97b,
  author        = {Ronald Cramer and Rosario Gennaro and Berry
                   Schoenmakers},
  title         = {A Secure and Optimally Efficient Multi-Authority Election
                   Scheme},
  journal       = {European Transactions on Telecommunications},
  pages         = {481--489},
  year          = 1997,
  month         = sep,
  volume        = 8
}

@inproceedings{Okamot96,
  author        = {Tatsuaki Okamoto},
  title         = {An Electronic Voting Scheme},
  booktitle     = {Proc.~of IFIP~'96, Advanced IT Tools},
  pages         = {21--30},
  year          = 1996,
  publisher     = {Chapman \& Hall}
}

@inproceedings{Okamot97,
  author        = {Tatsuaki Okamoto},
  title         = {Receipt-Free Electronic Voting Schemes for Large Scale
                   Elections},
  booktitle     = {Proc.~of } # SecProt # {~'97},
  pages         = {25--35},
  year          = 1997,
  volume        = 1361,
  x             = SecProt97,
  series        = LNCS
}

@inproceedings{PaItKu93,
  author        = {Choonsik Park and Kazutomo Itoh and Kaoru Kurosawa},
  title         = {Efficient Anonymous Channel and All/Nothing Election
                   Scheme},
  booktitle     = EC # {~'93},
  pages         = {248--259},
  year          = 1993,
  volume        = 765,
  x             = EC93,
  series        = LNCS
}

@inproceedings{HirSak00,
  author        = {Martin Hirt and Kazue Sako},
  title         = {Efficient Receipt-Free Voting Based on Homomorphic
                   Encryption},
  booktitle     = EC # {~'00},
  pages         = {539--556},
  year          = 2000,
  volume        = 1807,
  x             = EC00,
  series        = LNCS
}

@article{Sako94,
  author        = {Kazue Sako},
  title         = {Electronic voting schemes allowing open objection to the
                   tally},
  journal       = {Transactions of IEICE},
  year          = 1994,
  month         = jan,
  volume        = {E77-A},
  number        = 1
}

@inproceedings{OKST97,
  author        = {Wakaha Ogata and Kaoru Kurosawa and Kazue Sako and
                   Kazunori Takatani},
  title         = {Fault Tolerant Anonymous Channel},
  booktitle     = {Information and Communications Security {ICICS} '97,},
  pages         = {440--444},
  year          = 1997,
  month         = nov,
  address       = {Beijing, China},
  volume        = 1334,
  series        = {Lecture Notes in Computer Science},
  ISBN          = {3-540-63696-X},
  srid          = 064437,
  publisher     = {Springer-Verlag}
}

@inproceedings{Jakobs98,
  author        = {Markus Jakobsson},
  title         = {A Practical Mix},
  booktitle     = EC # {~'98},
  year          = 1998,
  series        = LNCS,
  x             = EC98,
  volume        = 1403
}

@inproceedings{LeeKim00,
  author        = {Byoungcheon Lee and Kwangjo Kim},
  title         = {Receipt-free Electronic Voting through Collaboration of
                   Voter and Honest Verifier},
  booktitle     = {Japan-Korea Joint Workshop on Information Security and
                   Cryptology (JW-ISC2000)},
  pages         = {101--108},
  year          = 2000
}

@inproceedings{MicHor96,
  author        = {Markus Michels and Patrick Horster},
  title         = {Some Remarks on a Receipt-Free and Universally Verifiable
                   Mix-Type Voting Scheme},
  booktitle     = AC # {~'96},
  pages         = {125--132},
  year          = 1996,
  volume        = 1163,
  x             = AC96,
  series        = LNCS
}

@inproceedings{BenYun86,
  author        = {Josh Cohen Benaloh and Moti Yung},
  title         = {Distributing the Power of a Government to Enhance the
                   Privacy of Voters},
  booktitle     = {Proc.~5th } # PODC,
  pages         = {52--62},
  year          = 1986,
  month         = aug,
  x             = PODC86
}

@inproceedings{BPPSF01,
  author        = {Olivier Baudron and David Pointcheval and Guillaume
                   Poupard and Jacques Stern and Pierre-Allain Fouque},
  title         = {Practical Multi-Candidate Election System},
  booktitle     = {Proc.~20th } # PODC,
  year          = 2001,
  x             = PODC01
}

@misc{DamJur00,
  author        = {Ivan Damg{\aa}rd and Mads Jurik},
  title         = {Efficient Protocols based on Probabilistic Encryption
                   using Composite Degree Residue Classes},
  year          = 2000,
  howpublished  = {Manuscript}
}

@inproceedings{DamJur01,
  author        = {Ivan Damg{\aa}rd and Mads Jurik},
  title         = {A Generalisation, a Simplification and some Applications
                   of Paillier's Probabilistic Public-Key System},
  booktitle     = PKC # {~2001},
  year          = 2001,
  x             = PKC01
}
